<record><leader>00000cas a22000007a 4500</leader><controlfield tag="001">24465195</controlfield><controlfield tag="008">910927d18uu1862pauwr ne      0    0eng d</controlfield><datafield ind1=" " ind2=" " tag="010"><subfield code="a">sn 91070084 </subfield></datafield><datafield ind1=" " ind2=" " tag="040"><subfield code="a">NPH</subfield><subfield code="b">eng</subfield><subfield code="c">NPH</subfield><subfield code="d">DLC</subfield><subfield code="d">OCLCQ</subfield></datafield><datafield ind1=" " ind2=" " tag="042"><subfield code="a">msc</subfield></datafield><datafield ind1="0" ind2="4" tag="245"><subfield code="a">The Weekly York Republican.</subfield></datafield><datafield ind1="1" ind2="3" tag="246"><subfield code="a">York Republican</subfield></datafield><datafield ind1=" " ind2=" " tag="260"><subfield code="a">York, Pa. :</subfield><subfield code="b">Horace Bonham</subfield></datafield><datafield ind1=" " ind2=" " tag="300"><subfield code="a">v. :</subfield><subfield code="b">ill. (chiefly advertisements) ;</subfield><subfield code="c">60 cm.</subfield></datafield><datafield ind1=" " ind2=" " tag="310"><subfield code="a">Weekly</subfield></datafield><datafield ind1="1" ind2=" " tag="362"><subfield code="a">Ceased in 1862.</subfield></datafield><datafield ind1=" " ind2=" " tag="588"><subfield code="a">Description based on: Vol. 9, no. 17 (Dec. 5, 1860) = whole no. 1594.</subfield></datafield><datafield ind1=" " ind2=" " tag="752"><subfield code="a">United States</subfield><subfield code="b">Pennsylvania</subfield><subfield code="c">York</subfield><subfield code="d">York.</subfield></datafield><datafield ind1="0" ind2="0" tag="780"><subfield code="t">York Republican (York, Pa. : 1854)</subfield></datafield><datafield ind1="0" ind2="0" tag="785"><subfield code="t">York Republican (York, Pa. : 1862)</subfield><subfield code="w">(DLC)sn 87052010</subfield></datafield><datafield ind1="1" ind2=" " tag="029"><subfield code="a">AU@</subfield><subfield code="b">000023089873</subfield></datafield></record>